<record><leader>00000cas a2200000 a 4500</leader><controlfield tag="001">9129426</controlfield><controlfield tag="008">830114c19719999ohuwr ne      0   a0eng d</controlfield><controlfield tag="009">9</controlfield><datafield ind1=" " ind2=" " tag="010"><subfield code="a">sn 87076854 </subfield></datafield><datafield ind1=" " ind2=" " tag="040"><subfield code="a">BGU</subfield><subfield code="b">eng</subfield><subfield code="c">BGU</subfield><subfield code="d">ONP</subfield><subfield code="d">OCL</subfield></datafield><datafield ind1=" " ind2=" " tag="042"><subfield code="a">msc</subfield></datafield><datafield ind1=" " ind2=" " tag="043"><subfield code="a">n-us-oh</subfield></datafield><datafield ind1="0" ind2="0" tag="245"><subfield code="a">Progressor-times.</subfield></datafield><datafield ind1="1" ind2="0" tag="246"><subfield code="a">Progressor times</subfield></datafield><datafield ind1=" " ind2=" " tag="260"><subfield code="a">Carey, Ohio :</subfield><subfield code="b">Progressor Times,</subfield><subfield code="c">1971-</subfield></datafield><datafield ind1=" " ind2=" " tag="300"><subfield code="a">v. : ill. ;</subfield><subfield code="c">58 cm.</subfield></datafield><datafield ind1=" " ind2=" " tag="310"><subfield code="a">Weekly.</subfield></datafield><datafield ind1="0" ind2=" " tag="362"><subfield code="a">Vol. 4, no. 26 (June 30, 1971)-</subfield></datafield><datafield ind1=" " ind2=" " tag="752"><subfield code="a">United States</subfield><subfield code="b">Ohio</subfield><subfield code="c">Wyandot</subfield><subfield code="d">Carey.</subfield></datafield><datafield ind1="0" ind2="4" tag="780"><subfield code="t">Carey progressor</subfield><subfield code="w">(DLC)sn 89075044</subfield></datafield><datafield ind1="0" ind2="4" tag="780"><subfield code="t">Carey times</subfield><subfield code="w">(DLC)sn 87076853</subfield></datafield></record>